%Calculus: A Complete Course , 7th Edition – Robert Adams , Christopher Esse
\begin{thebibliography}{10}
@book{Adams,
	author={Robert Adams , Christopher Essex},
	title={Calculus: A Complete Course },
	year={$2019$}
}

@book{Numerical,
	author={Richard L.Burden,J. Douglas Faires},
	title={Numerical Analysis},
	year={$2011$}
}
@misc{MultipleIntegral,
    author={Wikipedia Contributors},
      title = {Multiple Integral},
      url = {\url{https://en.wikipedia.org/wiki/Multiple_integral}},
        year = {$2020$}
}


@misc{Integralation,
    author={SimpleWikipedia Contributors},
      title = {Integral},
      url = {\url{https://simple.wikipedia.org/wiki/Integral}},
      year = {$2020$}
}

@misc{Integral,
    author={Wikipedia Contributors},
      title = {Integral},
      url = {\url{https://en.wikipedia.org/wiki/Integral}},
        year = {$2020$}
}


@book{Numerical_integration,
	author={Endre Suli , David F. Mayers},
	title={An Introduction to Numerical Analysis},
	year={$2003$}
}

@book{Thomas,
	author={Thomas G. B.},
	title={Thomas’s Calculus},
	year={$2017$}
}

@book{Numerical_solution,
	author={F.B.Hildebbrand},
	title={Introduction to Numerical Analysis},
	year={$1956$}
}


\end{thebibliography}